@STRING {AW = "Addison-Wesley"}
@STRING {CTAN = "http://www.ctan.org/tex-archive/"}

@Manual{ataz-emacs,
  author =	 {Ataz López, Joaquín},
  title =	 {Una introducción rápida a GNU Emacs},
  year =	 2004,
  language =	 {spanish},
  url =		 "http://es.tldp.org/Tutoriales/doc-tutorial-emacs/",
}

@Manual{ataz-auctex,
  author =	 {Ataz López, Joaquín},
  title =	 {Creación de ficheros LaTeX con GNU Emacs},
  year =	 2004,
  language =	 {spanish},
  url =		 CTAN # "info/spanish/guia-atx/",
}

@Book{cascales00,
  author =	 {Cascales Salinas, Bernardo and Lucas Saorín, Pascual
                  and Mira Ros, José Manuel and Pallarés Ruiz, Antonio
                  and Sánchez-Pedreño Guillén, Salvador},
  title =	 {LaTeX, una imprenta en sus manos},
  publisher =	 {Aula Documental de Investigación},
  language =	 {spanish},
  year =	 2000,
}

@Book{cascales03,
  author =	 {Cascales Salinas, Bernardo and Lucas Saorín, Pascual
                  and Mira Ros, José Manuel and Pallarés Ruiz, Antonio
                  and Sánchez-Pedreño Guillén, Salvador},
  title =	 {El libro de LaTeX},
  publisher =	 {Pearson-Prentice Hall},
  language =	 {spanish},
  year =	 2003,
}

@Book{kopla,
  Author =	 {Kopka, Helmut and Daly, Patrick W.},
  Title =	 {Guide to {L}a{T}e{X}},
  Publisher =	 AW,
  Edition =	 4,
  language =	 {english},
  year =	 2004,
}

@Book{knuth,
  author =	 {Knuth, Donald E.},
  title =	 {The {\TeX} {B}ook},
  publisher =	 AW,
  language =	 {english},
  year =	 1986,
}

@Book{lamport86,
  author =	 {Lamport, Leslie},
  title =	 {LaTeX: A document preparation system},
  publisher =	 AW,
  language =	 {english},
  year =	 1986
}

@Manual{markey05,
  author =	 {Markey, Nicolas},
  title =	 {Tame the BeaST},
  year =	 2005,
  language =	 {english},
  url =		 CTAN # "info/bibtex/tamethebeast/",
}

@Article{mira04,
  Author =	 {Mira Ros, Jos\'e Manuel},
  Title =	 {Bibliograf\'ia flexible: el sistema flexbib},
  Journal =	 {TeXemplares},
  Number =	 6,
  Pages =	 {8-26},
  year =	 2004,
  language =	 {spanish},
  url =		 "w3.mecanica.upm.es/CervanTeX/texemplares6.pdf",
}


@Manual{patashnik88,
  Author =	 {Oren Patashnik},
  Title =	 {BibTeXing},
  month =	 {February},
  year =	 1988,
  language =	 {english},
  url =		 CTAN # "biblio/bibtex/contrib/doc/btxdoc.pdf",
}

@Manual{patashnik88-2,
  Author =	 {Oren Patashnik},
  Title =	 {Designing BibTeX Styles},
  month =	 {February},
  year =	 1988,
  language =	 {english},
  url =		 CTAN # "biblio/bibtex/contrib/doc/btxhak.pdf",
}

@Manual{seidel98,
  Author =	 {Luis Seidel},
  Title =	 {Bases de datos bibliogr\'aficas, LaTeX y el idioma
                  espa\~nol},
  month =	 {March},
  year =	 1998,
  language =	 {spanish},
  url =		 "ftp://tex.unirioja.es/pub/tex/doc/bibliogr.pdf",
}

@Manual{young02,
  Author =	 {David Young},
  Title =	 {Using BibTeX},
  month =	 {May},
  year =	 2002,
  language =	 {english},
  url =		 "wwwmaths.anu.edu.au/~chrisw/LaTeX/bibtex.pdf",
}



